@inproceedings{BarkovaJouvet1999,
	author = {K. Bartkova and D. Jouvet},
	booktitle = {{Proc. of the 7th European Conference on Speech Communication and Technology}},
	date = {1999},
	editor = {J. Smith},
	location = {Londres},
	pages = {267--270},
	publisher = {Taylor and Francis},
	title = {{Selective prosodic post-processing for improving recognition of French telephone numbers}},
	year = 1999
}

@manual{Indura2010,
	address = {Cerritos, Chile},
	author = {M. {Ibarra Echeverr\'{\i}a} and E. {N{\'u}{\~n}ez Sol\'{\i}s} and J.M. {Huerta Ib{\'a}{\~n}ez}},
	organization = {{INDURA S.A.}},
	title = {Manual de Aceros inoxidables},
	year = 2010
}

@techreport{NACA460,
	address = {Washington {D.C.}},
	author = {E. Jacobs and K. Ward and R. Pinkerton},
	institution = {{National Advisory Commitee for Aeronautics (NACA)}},
	number = 460,
	title = {The characteristics of 78 related airfoils sections from tests in the variable-density wind tunnel},
	year = 1935
}

@thesis{Krause2014,
	address = {C{\'o}rdoba, Argentina},
	author = {G. Krause},
	note = {Tesis doctoral},
	school = {{Facultad de Ciencias Exactas, F\'{\i}sicas y Naturales; Universidad Nacional de C{\'o}rdoba}},
	title = {An{\'a}lisis te{\'o}rico y num{\'e}rico de atractores e intermitencia en la ecuaci{\'o}n {DNLS}},
	year = 2014
}

@other{Radio2015,
	author = {J. P{\'e}rez},
	howpublished = {Emisi{\'o}n radial},
	note = {programa {``Tarde de radio''} de {FM 123.4} emitido el 15/03/2015},
	title = {Columna semanal},
	year = 2015
}

@article{Volterra1929,
	author = {V Volterra},
	journal = {Rendiconti del Seminario Matematico e Fisico di Milano},
	number = {1},
	pages = {154--174},
	publisher = {Springer},
	title = {Sulle fluttuazioni biologiche},
	volume = {3},
	year = {1929}
}

@article{GonzalezLorca1994,
	author = {Eduardo Gonz{\'a}les and Jaime Mena},
	journal = {Investigaciones marinas},
	pages = {3--11},
	publisher = {Escuela de Ciencias del Mar. Pontificia Universidad Cat{\'o}lica de Valpara\'{\i}so},
	title = {An{\'a}lisis cualitativo de un modelo de pesquer\'{\i}as de acceso abierto},
	volume = {22},
	year = {1994}
}

@article{bahill1975main,
	author = {A Terry Bahill and Michael R Clark and Lawrence Stark},
	journal = {Mathematical biosciences},
	number = {3-4},
	pages = {191--204},
	publisher = {Elsevier},
	title = {The main sequence, a tool for studying human eye movements},
	volume = {24},
	year = {1975}
}

@book{Murray2007,
	author = {James D Murray},
	publisher = {Springer Science \& Business Media},
	title = {Mathematical biology: I. An introduction},
	volume = {17},
	year = {2007}
}

@inbook{Jones2009,
	author = {Douglas Samuel Jones and Michael Plank and Brian D Sleeman},
	chapter = {{Modelling Biological Phenomena}},
	pages = {91--109},
	publisher = {CRC press},
	title = {Differential equations and mathematical biology},
	year = {2009}
}

@wepage{lopez2006guia,
	author = {Joaqu\'{\i}n Ataz L{\'o}pez},
	howpublished = {\url{https://ctan.math.illinois.edu/info/spanish/guia-bibtex/guia-bibtex.pdf}},
	title = {Gu\'{\i}a casi completa de BIBTEX},
	year = {2006}
}

